


@article{PhysRevC.81.025807,
	author = "{Abe, S.  et al. (KamLAND Collaboration)}",
	collaboration = "KamLAND Collaboration",
	doi = "10.1103/PhysRevC.81.025807",
	issue = "2",
	journal = "Phys. Rev. C",
	month = "Feb",
	numpages = "14",
	pages = "025807",
	publisher = "American Physical Society",PhysRevC.76.054605
	
	url = "http://link.aps.org/doi/10.1103/PhysRevC.81.025807",
	volume = "81",
	year = "2010"
}



@article{Tilley2004155,
	author = "{Tilley, D.R.  et al.}",
	doi = "10.1016/j.nuclphysa.2004.09.059",
	issn = "0375-9474",
	journal = "Nuclear Physics A",
	note = "",
	number = "3--4",
	pages = "155--362",
	url = "http://www.sciencedirect.com/science/article/pii/S0375947404010267",
	volume = "745",
	year = "2004"
}

@article{PhysRevC.75.045803,
 
  author = "{Papka, P. et al.}",
  journal = {Phys. Rev. C},
  volume = {75},
  issue = {4},
  pages = {045803},
  numpages = {8},
  year = {2007},
  month = {Apr},
  doi = {10.1103/PhysRevC.75.045803},
  url = {http://link.aps.org/doi/10.1103/PhysRevC.75.045803},
  publisher = {American Physical Society}
}

@article{Descouv,
year={2001},
issn={1434-6001},
journal={The European Physical Journal A - Hadrons and Nuclei},
volume={12},
number={4},
doi={10.1007/s10050-001-8665-1},

url={http://dx.doi.org/10.1007/s10050-001-8665-1},
publisher={Springer-Verlag},
keywords={PACS. 25.40.Lw Radiative capture – 24.50.+g Direct reactions – 25.60.Bx Elastic scattering},
author={Descouvemont, P.},
pages={413-419},
language={English}
}

@article{Prezado200355,

journal = "Physics Letters B ",
volume = "576",
number = "1-2",
pages = "55 - 61",
year = "2003",
note = "",
issn = "0370-2693",
doi = "10.1016/j.physletb.2003.09.073",
url = "http://www.sciencedirect.com/science/article/pii/S0370269303015016",
author = "{Prezado, Y. et al.}",
keywords = "<sup>9</sup>Li(<span style='font-style: italic'>β</span><sup>−</sup>[from UC(<span style='font-style: italic'>p</span>,<span style='font-style: italic'>X</span>)])",
keywords = "Measured <span style='font-style: italic'>β</span>-delayed <span style='font-style: italic'>E</span><sub><span style='font-style: italic'>α</span></sub>",
keywords = "<span style='font-style: italic'>αα</span>-coinc",
keywords = "<sup>9</sup>Be deduced <span style='font-style: italic'>β</span>-branching strengths",
keywords = "<span style='font-style: italic'>A</span>=9 <span style='font-style: italic'>β</span>-decay asymmetry "
}


@article{Prezado200543,

journal = "Physics Letters B ",
volume = "618",
number = "1-4",
pages = "43 - 50",
year = "2005",
note = "",
issn = "0370-2693",
doi = "10.1016/j.physletb.2005.05.030",
url = "http://www.sciencedirect.com/science/article/pii/S0370269305006702",
author = "{Prezado, Y. et al.}",
keywords = "Radioactivity <sup>9</sup>Li( β − -decay) [from Ta(p, X)]",
keywords = "Measured <span style='font-style: italic'>β</span>-delayed E α",
keywords = "<span style='font-style: italic'>αα</span>-coincidence",
keywords = "<sup>9</sup>Be deduced levels and spins",
keywords = "Partial decay branches "
}
@article{PhysRevLett.108.131801,
  author = "{Abe, Y. et al. (Double Chooz Collaboration)}",
  collaboration = {Double Chooz Collaboration},
  journal = {Phys. Rev. Lett.},
  volume = {108},
  issue = {13},
  pages = {131801},
  numpages = {7},
  year = {2012},
  month = {Mar},
  doi = {10.1103/PhysRevLett.108.131801},
  url = {http://link.aps.org/doi/10.1103/PhysRevLett.108.131801},
  publisher = {American Physical Society}
}

@article{doi:10.1146/annurev.nucl.54.070103.181248,
author = {Formaggio, Joseph A. and Martoff, C.J.},
journal = {Annual Review of Nuclear and Particle Science},
volume = {54},
number = {1},
pages = {361-412},
year = {2004},
doi = {10.1146/annurev.nucl.54.070103.181248},

URL = {http://www.annualreviews.org/doi/abs/10.1146/annurev.nucl.54.070103.181248},
eprint = {http://www.annualreviews.org/doi/pdf/10.1146/annurev.nucl.54.070103.181248}
}



@article{PhysRevD.86.052008,
 author = "{ Abe, Y. et al. (Double Chooz Collaboration) }",
  
  collaboration = {Double Chooz Collaboration},
  journal = {Phys. Rev. D},
  volume = {86},
  issue = {5},
  pages = {052008},
  numpages = {21},
  year = {2012},
  month = {Sep},
  doi = {10.1103/PhysRevD.86.052008},
  url = {http://link.aps.org/doi/10.1103/PhysRevD.86.052008},
  publisher = {American Physical Society}
}

@article{PhysRevD.87.011102,
  
  author = "{Abe Y. et al. (Double Chooz Collaboration)}",
  collaboration = {Double Chooz Collaboration},
  journal = {Phys. Rev. D},
  volume = {87},
  issue = {1},
  pages = {011102},
  numpages = {7},
  year = {2013},
  month = {Jan},
  doi = {10.1103/PhysRevD.87.011102},
  url = {http://link.aps.org/doi/10.1103/PhysRevD.87.011102},
  publisher = {American Physical Society}
}

@article{GLG4sim,

journal= "{neutrino.phys.ksu.edu/~GLG4sim}"

}


@article{Geant4,

journal = "NIM A ",
volume = "506",
number = "3",
pages = "250 - 303",
year = "2003",
note = "",
issn = "0168-9002",
doi = "10.1016/S0168-9002(03)01368-8",
author = "{ Agostinelli, S. et al.}",


}

@article{PhysRevC.76.054605,
  
  author = "{Brown, T. A. D. et al.}",
  journal = "Phys. Rev. C",
  volume = "76",
  issue = "5",
  pages = "054605",
  numpages = "8",
  year = "2007",
  month = "Nov",
  doi = "10.1103/PhysRevC.76.054605",
  url = "http://link.aps.org/doi/10.1103/PhysRevC.76.054605",
  publisher = "American Physical Society"
}
